<?xml version="1.0" encoding="UTF-8"?><collection xmlns="http://www.loc.gov/MARC21/slim"><record><leader>00369nam--2200133-i-4500</leader><controlfield tag="001">000023987</controlfield><controlfield tag="002">20161230</controlfield><controlfield tag="005">20161230201035</controlfield><controlfield tag="008">060222s1000------------r-----000-0-eng-d</controlfield><datafield ind1=" " ind2=" " tag="080"><subfield code="a">514.7:514.763.76:530.1</subfield></datafield><datafield ind1=" " ind2=" " tag="100"><subfield code="a">Gilmore, Robert</subfield></datafield><datafield ind1=" " ind2=" " tag="245"><subfield code="a">Catastrophe theory for scientists and engineerings</subfield></datafield><datafield ind1=" " ind2=" " tag="260"><subfield code="a">New York,John Wiley &amp; Sons, 1981. Xvii+666p</subfield></datafield><datafield ind1=" " ind2=" " tag="852"><subfield code="a">49170</subfield></datafield></record></collection>